<?xml version="1.0" encoding="UTF-8"?><collection xmlns="http://www.loc.gov/MARC21/slim"><record><leader>00390nam--2200133-i-4500</leader><controlfield tag="001">000042545</controlfield><controlfield tag="002">20161230</controlfield><controlfield tag="005">20161230201043</controlfield><controlfield tag="008">060222s1000------------r-----000-0-eng-d</controlfield><datafield ind1=" " ind2=" " tag="080"><subfield code="a">621.762:661(043)</subfield></datafield><datafield ind1=" " ind2=" " tag="100"><subfield code="a">Sprissler,Marianne</subfield></datafield><datafield ind1=" " ind2=" " tag="245"><subfield code="a">Sintern und kornwachstum von al2o3 mit glasund mgo-zustatzen. dissertation</subfield></datafield><datafield ind1=" " ind2=" " tag="260"><subfield code="a">Stuttgart, Inst.Fur Metallkunde, 1982. 98 P</subfield></datafield><datafield ind1=" " ind2=" " tag="852"><subfield code="a">70906</subfield></datafield></record></collection>